<?xml version="1.0" encoding="UTF-8"?><record xmlns="http://www.loc.gov/MARC21/slim" xmlns:cinclude="http://apache.org/cocoon/include/1.0" xmlns:zs="http://www.loc.gov/zing/srw/">
  <leader>01160cz  a2200169n  4500</leader>
  <controlfield tag="001">no 00036217 </controlfield>
  <controlfield tag="003">DLC</controlfield>
  <controlfield tag="005">20160920073226.0</controlfield>
  <controlfield tag="008">000520n| azannaabn          |a aaa      </controlfield>
  <datafield tag="010" ind1=" " ind2=" ">
    <subfield code="a">no 00036217 </subfield>
  </datafield>
  <datafield tag="035" ind1=" " ind2=" ">
    <subfield code="a">(OCoLC)oca05222980</subfield>
  </datafield>
  <datafield tag="040" ind1=" " ind2=" ">
    <subfield code="a">DLC-ON</subfield>
    <subfield code="b">eng</subfield>
    <subfield code="c">DLC-ON</subfield>
    <subfield code="d">DLC</subfield>
    <subfield code="d">IEN</subfield>
    <subfield code="e">rda</subfield>
  </datafield>
  <datafield tag="100" ind1="0" ind2=" ">
    <subfield code="a">Allāha Jilāī Baī,</subfield>
    <subfield code="d">1902-1972</subfield>
  </datafield>
  <datafield tag="400" ind1="0" ind2=" ">
    <subfield code="a">Allah Jilai Bai,</subfield>
    <subfield code="d">1902-1972</subfield>
  </datafield>
  <datafield tag="670" ind1=" " ind2=" ">
    <subfield code="a">Rājasthāna ke gīta, p1977:</subfield>
    <subfield code="b">on cassette (Allāha Jilāī Bāī) on inlay sheet (Allah Jilai Bai)</subfield>
  </datafield>
  <datafield tag="670" ind1=" " ind2=" ">
    <subfield code="a">Srddhanjali Allaha Jilai Bai, Bikanera, p1999:</subfield>
    <subfield code="b">disc label (Allaha Jilai Bai; Allah Jilai Bai)</subfield>
  </datafield>
  <datafield tag="670" ind1=" " ind2=" ">
    <subfield code="a">Allah Jilai Bai-Wikipedia, the free encyclopedia, as viewed on March 13, 2007:</subfield>
    <subfield code="b">(Allah Jilai Bai ; folk singer from Rajasthan; born in 1902 in Bikaner to a family of singers, by the age of 10 she was singing in the durbar of Maharaja Ganga Singh; took singing lessons from Ustad Hussain Baksh Khan and later on from Achhan Maharaj; was well versed in Thumri, Kayal, Dadra and Maad. Perhaps her best known piece is Kesaria Balma. In 1972, The Indian Government awarded her the Padma Shri; d. in 1992)</subfield>
    <subfield code="u">(http://en.wikipedia.org/wiki/Allah_Jilai_Bai)</subfield>
  </datafield>
</record>